2724 4718
285 517 329 577 '58
596 514 928 579 DISSERTATIO.

287 726 406 796 tuosae
427 747 590 820 quaeque
610 747 672 797 res
697 723 842 821 possint
861 719 1093 816 investigari,
1119 726 1159 790 et
1180 726 1240 790 te-

284 892 412 969 nebrae
445 860 670 984 illurninari:
706 893 975 992 adjuvantibus
1008 891 1136 976 etiam,
1169 912 1240 986 per

274 1039 597 1140 soomuriniscendi
631 1066 862 1150 facultatem,
889 1066 946 1151 iis,
974 1089 1061 1161 quae
1088 1063 1130 1135 in
1159 1083 1242 1133 me·

287 1240 407 1310 moria
429 1239 581 1311 fuerant
605 1249 724 1310 antea
738 1240 942 1310 recondita
966 1254 970 1261 ’
993 1237 1054 1308 Ibi
1079 1256 1240 1332 quoque

286 1430 309 1478 a
328 1401 492 1502 janitore
517 1375 725 1493 scoliaoide,
751 1416 791 1480 et
815 1408 975 1481 sinuosis
992 1406 1123 1505 glutiis
1145 1429 1238 1478 cum

287 1579 501 1654 intenditur
525 1580 716 1679 cogitatio,
742 1579 927 1655 retinetur
955 1577 1241 1678 quodammodo

287 1763 527 1852 augeturque
553 1754 724 1852 inspirati
748 1753 841 1826 aeris
867 1752 1095 1836 fomentum,
1118 1749 1240 1823 donec

289 1925 338 1996 ab
354 1949 399 1997 eo
415 1921 610 1997 flabellatis
635 1933 675 1997 et
696 1925 844 2041 impetu
860 1923 1098 2028 pulsantibus
1115 1922 1239 1996 omui·

286 2095 360 2168 bus
377 2094 515 2166 mentis
532 2093 686 2179 arteriis,
705 2094 754 2167 sit
769 2095 994 2167 scrutinium
1011 2093 1238 2192 perfectum,

288 2274 327 2338 et
342 2263 470 2338 lucide
487 2263 614 2336 omnia
630 2261 826 2336 illustrata
878 2263 1006 2339 Menti
1030 2288 1132 2363 ergo,
1150 2291 1241 2362 quae

283 2437 400 2532 ignea
415 2444 483 2518 est,
506 2444 545 2505 et
566 2434 661 2505 lucis
678 2433 758 2504 Dei
774 2434 970 2530 partieeps,
988 2435 1156 2529 apprime
1177 2459 1244 2509 oo-

287 2606 406 2679 haeret
429 2604 535 2676 locus
555 2602 620 2676 ille
640 2603 787 2700 igneus,
813 2613 853 2677 et
871 2603 953 2702 jam
969 2615 1076 2703 parta
1090 2608 1241 2694 notitia,

289 2803 376 2874 quae
393 2778 508 2850 etiam
524 2776 619 2849 lucis
637 2786 694 2849 est
709 2777 848 2864 radius,
874 2788 913 2852 et
932 2777 1121 2853 luminosa
1136 2775 1244 2878 quae-

289 2948 375 3023 dnm
410 2917 548 3047 imago.
605 2947 788 3024 Externae
821 2950 936 3022 etiam
964 2974 1093 3026 rerum
1126 2956 1244 3028 sensi-

289 3122 383 3195 biles
428 3122 568 3220 species
600 3124 641 3195 in
675 3122 831 3196 oculum
870 3122 1005 3209 missae,
1040 3122 1243 3201 luminosa

279 3304 392 3381 sunt,
435 3303 475 3366 et
520 3294 568 3367 ab
613 3293 761 3391 objecto
802 3293 1002 3382 luminoso,
1040 3319 1106 3370 seu
1144 3294 1245 3371 lueis

288 3469 454 3542 formam
486 3468 661 3554 habente,
694 3493 762 3567 per
794 3469 966 3543 medium
1004 3469 1244 3544 luminosum

291 3642 426 3716 missae.
478 3640 596 3716 Unde
613 3649 652 3714 et
677 3664 784 3714 mens
811 3641 892 3740 ipsa
908 3641 1029 3741 magis
1055 3651 1096 3716 et
1121 3644 1248 3741 magis

296 3814 515 3933 illustratur.
