2724 4718
209 530 254 592 48
518 530 863 599 DISSER'PATIO..

208 737 340 833 ginem
357 762 575 827 nervorum,
587 743 800 815 ministerio
816 741 1059 839 meningum.·
1093 739 1171 814 Est

205 927 348 979 novum
365 911 559 1004 quoddam
574 936 696 1010 genus
713 937 896 986 vasorum.
947 910 1050 984 Nam
1067 911 1172 983 sicut
1228 990 1232 997 ,

206 1074 247 1147 in
276 1079 512 1154 tranfusione
550 1109 573 1155 a
605 1086 712 1158 venis
751 1087 792 1158 in
835 1085 999 1170 arterias,
1031 1094 1090 1158 est
1122 1085 1167 1157 in

206 1250 389 1346 pulmone
413 1275 559 1324 novum
580 1277 702 1350 genus
718 1279 908 1340 vasorum,
936 1281 985 1328 ex
1005 1279 1102 1328 vena
1121 1266 1166 1329 et

205 1421 360 1494 arteria:
387 1421 442 1494 ita
457 1421 499 1494 in
515 1423 770 1498 transfusione
786 1425 834 1498 ab
851 1427 995 1498 arteriis
1018 1427 1060 1499 in
1075 1451 1163 1500 ner·

207 1616 276 1664 vos
298 1602 356 1666 est
383 1617 530 1666 novum
553 1594 749 1690 quoddam
773 1620 895 1694 genus
911 1622 1091 1671 vasorum
1113 1621 1165 1670 ex

209 1767 355 1840 arteriae
382 1768 513 1841 tunica
535 1769 576 1840 in
600 1770 805 1868 meninge;
836 1794 926 1843 cnm
952 1771 1163 1870 praesertim

204 1940 401 2039 meninges
417 1942 509 2039 ipsae
525 1965 610 2015 suas
632 1941 674 2013 in
690 1942 816 2014 nervis
833 1942 981 2016 tunioas
998 1953 1162 2017 servent.

207 2109 347 2185 Sensus
364 2137 569 2227 nervorum
587 2139 665 2187 non
682 2125 740 2189 est
758 2116 800 2188 in
817 2114 924 2188 molli
946 2114 1011 2189 illa
1026 2140 1162 2191 eorum

207 2288 375 2373 materia,
401 2288 500 2362 sicut
528 2289 570 2361 in
601 2287 762 2361 cerebro.
814 2287 936 2361 Nervi
963 2312 1096 2362 omnes
1121 2290 1163 2362 in

207 2460 512 2534 membranarum
545 2460 738 2532 filamenta
772 2459 962 2548 desinunt,
991 2462 1161 2558 exquisi-

207 2631 398 2705 tissimum
432 2655 586 2704 sensum
615 2631 803 2718 habentia,
837 2633 886 2705 ad
915 2659 1003 2730 quae
1036 2633 1086 2707 ob
1119 2637 1162 2709 id

206 2827 354 2901 semper
395 2803 550 2899 spiritus
591 2803 770 2877 mittitur.
821 2805 890 2878 Ab
922 2778 997 2878 illis
1030 2807 1162 2905 itaque

206 2954 433 3076 meningum
460 3001 527 3050 seu
557 2976 780 3049 ehoroidum
798 2975 971 3062 vasculis,
1000 2977 1110 3052 velut
1138 3005 1161 3051 a

205 3151 325 3236 fonte,
348 3150 498 3224 lucidus
520 3149 690 3222 anirnalis
711 3149 865 3247 spiritus
881 3148 1005 3223 veluti
1031 3150 1159 3224 radius

204 3349 272 3422 per
296 3347 431 3397 nervos
448 3321 661 3396 effunditur
685 3323 726 3393 in
754 3322 895 3408 oculos,
919 3332 960 3396 et
983 3323 1056 3396 alia
1074 3347 1158 3398 sen·

204 3497 300 3568 soria
328 3520 476 3593 organa
529 3495 605 3568 Via
629 3495 773 3581 eadem,
799 3497 883 3569 vioe
899 3521 1016 3583 versa,
1041 3497 1155 3571 adve-

202 3671 349 3743 nientes
365 3669 597 3743 extrinsecus
614 3678 845 3742 sensatamm
872 3694 1000 3744 rerum
1017 3669 1155 3745 lucidae

201 3845 396 3943 imagines,
438 3841 485 3913 ad
532 3839 679 3914 fontem
722 3842 887 3917 eundem
930 3843 1152 3929 mittuntur,

198 4017 306 4113 quasi
323 4039 390 4112 per
406 4014 578 4088 lucidum
596 4015 767 4089 medium
784 4017 885 4090 intro
901 4026 1153 4116 penetrantes.
