2724 4718
515 509 851 573 DISSERTATIO.
1115 507 1156 571 65

202 738 272 812 per
296 715 522 790 umbilicum
544 718 673 790 tendit
706 717 934 790 alimentum·
957 717 1005 789 ad
1026 702 1155 814 hepar.

204 887 366 961 Radices
394 890 533 963 arboris
559 915 635 963 non
661 899 752 964 sunt
777 900 871 964 tune
893 914 1001 963 venae
1025 897 1155 987 portae,

206 1060 273 1133 sed
298 1062 405 1157 quasi
430 1063 668 1161 polypodum
704 1063 976 1160 capillamenta,
1005 1059 1054 1132 ad
1078 1083 1157 1130 ma-

203 1234 303 1305 terni
321 1235 425 1306 uteri-
438 1236 641 1318 aeetabula
666 1261 732 1306 seu
747 1239 966 1318 κοτυληδουες,
984 1243 1029 1306 ut
1045 1241 1157 1304 uocat

204 1405 468 1504 Hippocrates
522 1405 652 1477 Multa
676 1404 765 1476 inde
790 1378 941 1476 vascula
966 1403 1006 1473 in
1024 1425 1155 1475 seeun-

203 1578 269 1651 das
300 1602 339 1651 se
367 1580 550 1664 inserunt,
585 1603 627 1652 ae
665 1581 706 1651 in
736 1579 814 1652 duo
851 1577 1042 1675 duplicata
1070 1600 1158 1649 vasa

206 1759 357 1837 nubunt,
384 1776 471 1848 quae
496 1778 563 1851 per
588 1753 817 1826 umbilicum
841 1751 960 1824 foetus
993 1748 1159 1847 ingredi·

155 1997 158 2002 .
208 1932 338 1996 untur.
391 1924 584 1997 Nascente
616 1936 750 2022 puero'
770 1924 1050 1998 acetabulorum
1076 1923 1160 1993 vin·

205 2096 291 2168 cula
319 2098 532 2183 solvuntur,
560 2097 755 2169 ablutione
788 2122 811 2167 a
840 2094 957 2167 eherii
985 2094 1160 2189 inquina

202 2277 336 2340 mento·
360 2270 607 2355 mundantur,
635 2270 744 2366 quasi
773 2262 873 2342 nova
899 2268 1007 2340 arbor
1037 2277 1156 2340 traus-

202 2440 383 2537 plantata.
425 2445 537 2528 Quae
561 2442 810 2536 mysteria-in
837 2440 975 2512 caelesti
1001 2452 1158 2533 quoque

203 2611 405 2683 nativitate
418 2610 577 2696 videbis
604 2613 712 2708 quasi
738 2622 833 2686 tunc
849 2636 949 2684 nova
965 2611 1075 2684 arbor
1090 2610 1154 2682 ab·

202 2782 350 2855 lutione
367 2783 547 2880 baptismi
568 2785 610 2856 in
628 2785 824 2859 Christum
848 2785 1154 2882 transplantetur,

202 2977 303 3025 nova
332 2955 457 3025 anima
490 2909 664 3040 donetur,
695 2966 734 3029 et
767 2981 913 3030 novum
939 2956 1067 3030 cibum
1094 2961 1160 3028 ae:

201 3116 326 3221 cipiat.

252 3295 355 3368 Par.
407 3295 498 3368 Non
538 3308 595 3371 est
633 3323 696 3372 cor
735 3302 903 3397 primum
937 3303 1083 3390 vivens,
1121 3304 1152 3376 si

201 3492 269 3564 per
303 3431 420 3564 bepar
464 3469 564 3541 vivit
608 3472 765 3570 embryo
808 3475 1027 3571 vegetativa
1058 3475 1149 3561 vita,

201 3648 405 3736 antequam
440 3663 502 3712 cor
537 3641 703 3713 diastolis
725 3653 775 3716 ¹et
813 3645 961 3740 systolis
995 3650 1153 3718 munere

200 3810 398 3910 fungatur.

251 3984 385 4056 Mrcu.
438 3985 528 4057 Non
554 3994 612 4058 est
635 3986 700 4059 illa
722 3988 878 4060 omnino
898 3988 1044 4085 hepatis
1061 3989 1150 4062 vita.

200 4154 375 4230 Aliunde
400 4158 503 4231 enim
521 4158 685 4233 fovetur.
738 4161 793 4235 Et
813 4186 1033 4261 quanquam
1054 4176 1151 4240 esset

666 4356 693 4406 K
