2724 4718
203 519 246 584 68
504 523 835 588 DISSERTATIO.

202 732 392 830 propriam
426 730 549 803 habet.
601 732 806 816 Quomodo
833 740 930 804 esset
959 730 1156 804 animuin

201 905 323 991 oorde‚
341 907 373 977 si
394 930 459 978 oor
483 929 554 978 nec
572 905 768 978 diastolem
789 905 912 990 habet,
939 929 1010 976 nec
1035 914 1157 1000 systo-

200 1074 305 1147 lem?
357 1076 441 1148 Nec
472 1101 546 1162 oor,
581 1101 651 1149 neo
679 1077 812 1173 pulmo
844 1076 900 1148 ibi
933 1086 1153 1148 moventur.

201 1246 376 1316 Valvulae
398 1248 530 1329 oordis,
556 1272 623 1317 seu
648 1249 879 1318 membranae
904 1247 978 1316 illae
1002 1247 1052 1316 ad
1077 1246 1154 1316 ori-

201 1417 286 1488 fieia
301 1440 489 1500 vasorum,
517 1440 594 1487 non
611 1418 834 1513 aperiuntur
851 1415 970 1488 donec
986 1417 1155 1488 nuscitur

202 1588 328 1659 homo.
392 1588 554 1683 Spiritus
579 1587 704 1660 vitalis
731 1587 785 1658 ibi
809 1586 937 1659 nulius
966 1587 1007 1656 in
1043 1585 1157 1657 eorde

201 1770 413 1859 generatur,
434 1761 500 1831 sed
517 1769 574 1832 est
598 1759 663 1831 ille
683 1758 794 1842 soluS,
812 1758 880 1853 qui
907 1765 1071 1828 amatre
1095 1757 1154 1828 in·

202 1929 390 2003 funditur.
443 1931 649 2014 Quomodo
675 1931 795 2027 igitur
824 1938 920 2001 esset
947 1929 1002 1999 ibi
1028 1930 1156 2001 anima

200 2103 378 2197 propria?
420 2101 562 2173 Nullus
581 2110 637 2173 est
653 2100 778 2174 vitalis
796 2101 948 2196 spiritus
965 2101 1156 2196 proprius,

199 2272 336 2368 inquo
359 2273 429 2344 sita
451 2297 529 2345 esse
546 2275 675 2370 possit,
700 2276 819 2347 donec
841 2274 1007 2345 nascitur
1025 2273 1154 2345 homo.

200 2442 378 2511 Artifieio
403 2467 543 2535 magno
560 2444 606 2511 fit
635 2454 729 2511 tunc
754 2445 894 2511 divinae
918 2444 1054 2510 animoe
1077 2444 1155 2537 spi·

199 2612 305 2695 ratio,
341 2610 462 2682 cordis
497 2609 651 2706 apertio,
687 2591 726 2680 et
756 2609 930 2705 spiritalis
958 2611 1157 2706 sanguinis

199 2782 391 2854 immissio.
444 2781 651 2853 Astrorum
674 2805 830 2878 quoque
847 2783 982 2878 peritia
999 2782 1040 2855 id
1056 2808 1154 2880 prae-

201 2956 297 3029 olare
330 2955 450 3028 docet.
502 2954 604 3026 Nam
644 2954 734 3025 hora
778 2953 998 3039 nativitatis,
1036 2953 1157 3049 juxta

204 3127 369 3199 siderum
406 3126 520 3198 talem
553 3124 616 3197 vel
649 3125 762 3198 todem
795 3126 1032 3223 positionem,
1068 3129 1157 3201 talis

119 3358 124 3365 .
200 3298 263 3372 vel
292 3298 377 3372 talis
404 3299 578 3394 sequitur
610 3300 745 3372 anima.
798 3301 845 3371 In
875 3310 996 3373 totam
1031 3302 1154 3375 vitam

202 3478 296 3540 tuno
330 3469 563 3564 imprimitur
596 3469 751 3542 caelestis
784 3470 965 3557 influxus,
999 3472 1157 3544 inclinu-

201 3643 357 3724 tionem‚
381 3649 735 3737 temperamentum,
759 3649 799 3713 et
824 3640 988 3737 reliquos
1015 3643 1156 3717 animae

205 3811 351 3885 innatos
381 3835 501 3883 mores
531 3813 722 3884 inducens,
774 3813 864 3885 Non
886 3815 1037 3911 proprie
1062 3814 1157 3889 diei-

203 3996 267 4055 tur
291 3979 392 4053 tilius
416 3982 484 4077 qui
511 3983 550 4054 iu
577 3994 686 4055 utero
710 3994 777 4061 est.
803 3984 1010 4079 quievere
1036 3986 1154 4060 homo

204 4173 280 4223 non
302 4162 368 4223 eut.
422 4148 497 4244 Spu
516 4151 681 4247 quodam
707 4164 775 4227 out
795 4155 948 4227 somnus
971 4180 1156 4253 praepm·
