2724 4718
215 562 258 626 70
522 560 856 624 DISSERTATIO.

214 776 343 840 contra
365 768 625 873 Cfljrrysippum
653 770 895 867 prosequitur
915 767 1096 863 Galenus,
1127 772 1167 842 in

212 937 316 1011 libris
350 940 399 1012 de
430 941 577 1037 placitis
607 939 865 1037 Hippocratis,
909 948 948 1011 et
981 938 1166 1011 Platonis.

214 1112 333 1210 Origo
355 1121 484 1185 motus
501 1112 707 1186 voluntarii
723 1111 878 1184 videtur
902 1133 981 1182 esse
1000 1110 1042 1181 in
1065 1132 1166 1181 cere-

211 1282 289 1368 br0,
312 1306 431 1378 aquo
448 1283 660 1378 procedunt
684 1285 804 1366 nervi,
825 1289 865 1391 et
889 1283 1067 1352 animales
1091 1281 1167 1375 spi·

212 1453 319 1537 ritus,
342 1452 542 1547 inquibus
567 1460 624 1523 est
645 1437 710 1523 illa
732 1451 992 1524 musculorum
1010 1451 1166 1540 motrix,

213 1634 251 1697 et
282 1632 486 1733 spontanea
515 1622 684 1695 facultas.
737 1622 799 1707 Ibi
826 1623 940 1694 etiam
971 1630 1029 1709 est
1058 1644 1166 1693 mens

214 1803 253 1866 et
279 1795 338 1866 vis
367 1794 568 1882 rationalis
602 1803 649 1868 ut
677 1794 809 1867 multis
840 1792 895 1865 ibi
929 1792 1165 1866 ostenditur:

210 1988 300 2060 ergo
317 1965 452 2037 nonin
470 1963 591 2036 corde.
642 1965 882 2061 Respondeo,
901 1964 1076 2037 Extemo
1093 1965 1166 2035 mi-

210 2136 364 2207 nisterio
390 2144 429 2207 et
456 2134 705 2232 speculationi
730 2135 936 2233 praeficitur
953 2135 1161 2208 cerebrum.

210 2304 448 2399 Expectatur
478 2313 606 2377 tamen
636 2329 782 2402 semper
811 2304 931 2378 cordis
956 2305 1162 2400 imperium

209 2483 247 2546 et
270 2492 495 2544 consensus:
522 2475 630 2564 cujus
647 2474 835 2553 voluntas,
860 2483 906 2540 ut
928 2496 994 2565 per
1018 2473 1160 2541 cerebri

207 2640 460 2714 ministerium
491 2647 593 2733 post¹
611 2638 912 2711 ratiocinationes
945 2639 1162 2714 intellectus

207 2834 321 2884 suum
338 2808 435 2881 velle
453 2806 656 2893 concludit,
678 2808 732 2879 ita
747 2832 814 2904 per
831 2806 972 2907 cerebri
988 2809 1160 2883 ministe-

206 2980 306 3052 rium
324 3003 364 3052 se
390 2977 488 3050 foras
506 2978 640 3050 exerit.
695 2977 894 3050 Animales
919 2978 976 3051 illi
1003 2981 1161 3076 spiritns

205 3150 390 3247 originem
412 3148 564 3247 liabent,
590 3174 612 3222 a
628 3149 807 3223 vitalibus
830 3175 879 3223 ex
896 3153 1009 3225 corde
1024 3155 1162 3250 prode-

203 3318 371 3403 untibus,
405 3318 445 3388 in
476 3342 554 3414 quo
583 3327 640 3390 est
672 3321 794 3417 prima
817 3323 918 3411 vitre,
949 3334 988 3396 et
1021 3325 1160 3398 animae

203 3489 319 3584 origo.
372 3489 419 3559 ln
441 3490 619 3562 maximis
646 3492 1016 3588 apprehensionibus,
1042 3496 1157 3566 timo-

200 3656 304 3729 ribus
321 3667 361 3726 et
377 3652 579 3738 doloribus,
602 3658 643 3726 in
670 3659 782 3731 corde
806 3664 974 3735 maxime
990 3667 1157 3740 sentitur

200 3823 367 3907 affectus,
386 3820 493 3894 velut
518 3821 558 3892 in
576 3822 745 3922 principe
766 3827 858 3902 loco.
905 3831 974 3929 'Ibi
991 3846 1048 3907 est
1069 3839 1162 3913 ani,

197 4017 270 4066 mae
287 4003 326 4065 et
343 3993 497 4088 spiritus
526 3993 693 4088 capacior
716 3994 832 4084 locus,
850 4024 966 4096 quam
989 4006 1030 4078 in
1048 4030 1149 4083 cere.

194 4160 252 4233 bri
279 4161 448 4235 vasculis.
503 4160 606 4235 Illud
634 4186 764 4239 verum
791 4178 858 4258 est,
889 4152 995 4269 quod
1024 4182 1148 4255 cordis
1199 4130 1209 4143 ο
