2724 4718
209 501 251 564 72
518 496 849 561 DISSERTATIO.

208 731 296 779 cum
314 706 521 802 praesertim
545 707 594 778 sit
615 707 740 778 anima
757 730 843 790 una,
860 705 1002 790 volens,
1019 704 1160 778 intelli-

208 900 311 974 gens,
348 885 387 948 et
415 877 589 950 sentiens.
644 877 781 950 Sensus
815 878 965 975 proprie
999 900 1075 947 non
1106 885 1163 947 est

208 1049 289 1144 ipsa
306 1050 437 1146 organi
454 1051 586 1146 passm,
601 1050 665 1124 sed
682 1052 861 1148 passionis
879 1051 1052 1149 dignitio,
1076 1074 1164 1145 quae

209 1229 266 1292 est
292 1220 330 1291 in
356 1222 501 1293 anima:
529 1224 578 1295 ob
600 1224 718 1314 idque
740 1224 820 1314 ejus
839 1232 969 1315 postea
993 1221 1161 1294 recorda·

206 1398 270 1461 tur
293 1391 427 1462 anima.
471 1390 541 1461 Ad
558 1390 723 1463 eundem
744 1390 903 1463 modum
920 1388 1018 1461 velle
1045 1399 1083 1460 et
1105 1390 1161 1460 in-

206 1559 376 1658 telligere
407 1572 464 1634 est
493 1562 644 1658 proprie
677 1562 718 1633 in
751 1560 887 1646 anima,
924 1586 1001 1634 non
1036 1561 1078 1670 in
1103 1585 1161 1632 or-

206 1731 312 1827 ganis
330 1731 453 1804 cordis
474 1742 542 1805 aut
560 1731 724 1805 cerebri:
751 1733 817 1806 sed
844 1743 901 1806 est
928 1734 967 1805 in
999 1734 1052 1805 eis
1074 1757 1160 1805 con·

199 1905 358 1999 junctus
388 1904 546 2002 quidam
576 1915 715 1992 motus,
750 1916 840 1980 sunt
865 1907 990 2005 prima
1016 1907 1157 1979 instru-

204 2087 344 2163 menta,
370 2088 547 2176 agentem
572 2077 626 2150 ibi
650 2079 814 2152 animam
841 2081 1083 2166 continentia,
1110 2079 1161 2151 ob

203 2250 320 2348 idque
344 2251 396 2323 eis
422 2232 527 2325 actio
537 2252 730 2326 tribuitur.
776 2253 875 2326 Sunt
892 2252 958 2350 qui
979 2253 1082 2325 cordi
1100 2279 1157 2325 so-

202 2421 279 2494 lam
303 2423 481 2496 tribuunt
504 2425 846 2515 concupiscentiam
869 2424 1006 2498 malam
1026 2435 1064 2494 et
1088 2426 1159 2492 ira-

199 2589 391 2662 cundiam.
450 2589 524 2662 Sed
545 2588 611 2660 illa
640 2598 696 2661 est
725 2614 747 2660 a
773 2599 945 2688 serpente
973 2591 1073 2663 carni
1101 2592 1158 2662 in-

102 2810 106 2815 ·
202 2774 318 2850 truso,
336 2762 522 2835 alliciente
537 2786 613 2859 ‚cor
636 2773 674 2836 et
691 2762 940 2837 voluntatem.
994 2764 1157 2861 Alioqui

202 2961 264 3009 cor
290 2946 347 3010 est
369 2945 504 3008 natura
525 2959 592 3008 sua
616 2934 765 3006 deitatis
782 2935 979 3031 particeps,
1001 2944 1040 3007 et
1061 2934 1158 3007 bene

200 3107 297 3181 vult.
346 3108 412 3180 Ex
434 3107 492 3179 his
516 3103 704 3192 omnibus,
723 3107 795 3179 hoc
815 3109 855 3179 in
881 3132 1029 3181 summa
1051 3107 1154 3180 colli-

200 3280 339 3379 gimus,
355 3305 378 3352 a
395 3280 506 3353 corde
523 3304 601 3352 esse
618 3278 774 3352 liberam
788 3280 1037 3354 voluntatem.
1089 3281 1155 3353 Fi·

200 3452 287 3525 dem
313 3454 354 3524 in
380 3453 492 3526 corde
517 3478 596 3526 esse
621 3464 688 3527 aut
714 3478 790 3526 non
817 3454 1038 3551 simpliciter
1062 3453 1153 3524 libe-

198 3647 289 3710 ram,
316 3649 405 3697 cum
434 3625 482 3696 ad
512 3649 593 3697 eam
618 3627 853 3698 ratiocinatio
871 3651 958 3698 vera
988 3624 1155 3699 intellec-

199 3812 261 3872 tus
279 3798 466 3895 exigatur,
485 3807 523 3869 et
542 3799 695 3895 spiritus
712 3798 830 3871 sancti
848 3807 986 3871 motus.
1043 3798 1154 3871 Nun-

203 3993 320 4065 quam
339 3979 465 4042 tamen
484 3968 596 4047 datur
613 3968 718 4047 fides.
734 3970 808 4043 nisi
825 3971 970 4045 volenti
986 3971 1135 4045 liber0.”

610 4198 758 4240 boumn:

236 4291 384 4332 curnam>
404 4293 445 4332 ΒΥ
467 4293 490 4333 Β.
512 4293 579 4333 ANB
599 4291 632 4334 B·
654 4292 822 4346 annuunt,
843 4295 967 4337 nonant·
986 4294 1121 4353 sunna,
