2724 4718
195 521 248 585 '66
502 525 851 590 nlssERTATlo.

198 729 288 802 nita
318 730 393 803 illa-
410 756 458 804 ex
494 732 572 804 sola
604 732 645 803 vi
679 732 842 819 seminis,
876 755 954 804 non
989 741 1051 805 est
1085 734 1166 807 vito

201 903 346 975 animae.
401 904 450 976 In
474 914 584 976 utero
607 903 762 978 fovetur
786 903 944 1001 embryo
963 903 1013 976 ab
1038 904 1166 977 animo

200 1076 342 1160 matris,
374 1076 421 1148 ab
458 1077 542 1174 ipso
568 1078 699 1152 eorde·
712 1081 852 1152 matris.
904 1058 1007 1151 Nom
1037 1051 1095 1150 ab·
1120 1100 1166 1149 eo

199 1248 396 1343 originem·
415 1249 572 1318 trahunt
605 1251 761 1333 arteriae,
802 1274 892 1343 quae
927 1248 1070 1320 foetum
1106 1248 1165 1346 ip-

201 1437 286 1487 sum
311 1412 385 1512 per
415 1415 641 1489 umbilicum
674 1409 955 1514 ingrediuntur
994 1425 1033 1490 et
1062 1417 1161 1491 vito-

200 1584 276 1659 lem
315 1583 493 1686 spiriturn
531 1590 571 1660 in
611 1613 701 1662 eum
738 1574 985 1663 infundunts
1027 1588 1160 1686 Hujus

202 1761 363 1833 materni
394 1763 548 1860 spiritus
574 1761 700 1834 vitalis
735 1763 833 1834 color
864 1760 1053 1847 vivificus,
1087 1748 1160 1834 tna

202 1954 290 2003 eum
320 1932 449 2005 innata
484 1934 635 2006 seminis
668 1933 841 2032 potentia
868 1916 963 2006 facit
986 1931 1161 2028 embryo-

202 2126 291 2176 nem
315 2102 444 2176 vivere
465 2106 545 2178 vita
572 2108 789 2204 vegetativa
812 2104 955 2201 absque
972 2103 1045 2176 alia
1067 2114 1160 2177 tnnc

200 2274 334 2346 anima.
354 2306 363 2342 ι
388 2275 463 2348 Cor
498 2301 599 2374 erg0,
633 2278 664 2349 si
699 2300 774 2348 non
817 2266 973 2348 omnino
1009 2274 1160 2350 diootur

201 2471 280 2517 esse
298 2457 468 2543 tempore
485 2450 652 2543 primurn
668 2450 811 2530 vivens,
829 2455 885 2518 est
901 2446 1161 2542 principaliter

202 2618 346 2703 vivens,
365 2628 403 2691 et
418 2619 586 2716 primum
604 2614 694 2691 ve'ra
710 2618 835 2691 anima
851 2619 996 2690 vivens.

253 2793 355 2864 Psr.
393 2766 573 2878 =Quando
598 2790 846 2889 inspiratore
863 2789 954 2863 Deo
976 2813 1065 2864 vera
1085 2790 1157 2864 ho

204 2964 316 3039 minis
335 2965 491 3037 anima?

255 3137 387 3210 Mlen.
457 3136 623 3224 Quando
665 3134 800 3232 incipit
847 3133 964 3205 homo
1007 3134 1161 3230 spirare,

202 3309 356 3407 quondo
373 3310 547 3382 nascitur.
587 3309 636 3381 In
653 3316 763 3379 utero
778 3329 855 3378 non
873 3316 931 3378 est
947 3305 1160 3403 inspiratio,

203 3503 273 3551 nso
298 3483 514 3577 respiratio:
540 3506 611 3555 nee
639 3482 791 3579 propria
815 3482 943 3554 anima
959 3479 1058 3551 sivit
1080 3478 1159 3551 foe-

206 3644 280 3739 tris,
297 3653 363 3727 sed
387 3654 512 3727 onirno
533 3655 675 3739 matris,
692 3653 815 3727 veluti
838 3677 922 3751 pots
941 3651 1082 3735 matris,
1100 3654 1159 3724 si-

207 3827 270 3900 toli
303 3852 419 3925 quom
449 3826 618 3902 diximus
652 3828 788 3926 spiritu
818 3851 887 3924 per
919 3824 1160 3899 umbilicares

205 3998 357 4070 arterias
372 3998 561 4071 irrunisso:
587 3999 786 4096 inquibus
807 3997 978 4071 contenti
1003 3996 1159 4094 spiritus

206 4189 349 4243 numus
391 4190 468 4243 non
502 4184 632 4257 mosot,
665 4170 786 4246 donee
818 4171 987 4246 riosoimr
1030 4168 1158 4243 bomo.
