<?xml version="1.0" encoding="UTF-8"?>
<!DOCTYPE html PUBLIC "-//W3C//DTD XHTML 1.0 Transitional//EN"
    "http://www.w3.org/TR/xhtml1/DTD/xhtml1-transitional.dtd">
<html xmlns="http://www.w3.org/1999/xhtml" xml:lang="en" lang="en">
 <head>
  <title>
</title>
<meta http-equiv="Content-Type" content="text/html;charset=utf-8" />
  <meta name='ocr-system' content='tesseract 3.04.00' />
  <meta name='ocr-capabilities' content='ocr_page ocr_carea ocr_par ocr_line ocrx_word'/>
</head>
<body>
  <div class='ocr_page' id='page_1' title='image "./unnoticedtheori00sigmgoog_0100.png"; bbox 0 0 2724 4718; ppageno 0'>
   <div class='ocr_carea' id='block_1_1' title="bbox 518 504 1303 588">
    <p class='ocr_par' dir='ltr' id='par_1_1' title="bbox 518 504 1303 588">
     <span class='ocr_line' id='line_1_1' title="bbox 518 504 1303 588; baseline -0.005 -17"><span class='ocrx_word' id='word_1_1' title='bbox 518 506 855 572; x_wconf 75' lang='lat' dir='ltr'>masuamrio.</span> <span class='ocrx_word' id='word_1_2' title='bbox 1118 504 1159 570; x_wconf 83' lang='lat' dir='ltr'>u</span> <span class='ocrx_word' id='word_1_3' title='bbox 1299 582 1303 588; x_wconf 45' lang='grc'>,</span> 
     </span>
    </p>
   </div>
   <div class='ocr_carea' id='block_1_2' title="bbox 207 711 1160 813">
    <p class='ocr_par' dir='ltr' id='par_1_2' title="bbox 207 711 1160 813">
     <span class='ocr_line' id='line_1_2' title="bbox 207 711 1160 813; baseline -0.009 -23"><span class='ocrx_word' id='word_1_4' title='bbox 207 716 382 790; x_wconf 87' lang='lat' dir='ltr'>voluntas</span> <span class='ocrx_word' id='word_1_5' title='bbox 399 738 477 787; x_wconf 91' lang='lat' dir='ltr'>non</span> <span class='ocrx_word' id='word_1_6' title='bbox 501 715 557 787; x_wconf 88' lang='lat' dir='ltr'>ita</span> <span class='ocrx_word' id='word_1_7' title='bbox 578 716 750 812; x_wconf 86' lang='lat' dir='ltr'>imperat,</span> <span class='ocrx_word' id='word_1_8' title='bbox 773 714 847 813; x_wconf 92' lang='lat' dir='ltr'>ipsi</span> <span class='ocrx_word' id='word_1_9' title='bbox 874 711 1087 786; x_wconf 90' lang='lat' dir='ltr'>intellectus</span> <span class='ocrx_word' id='word_1_10' title='bbox 1104 735 1160 782; x_wconf 90' lang='lat' dir='ltr'>ra·</span> 
     </span>
    </p>
   </div>
   <div class='ocr_carea' id='block_1_3' title="bbox 201 886 1159 2359">
    <p class='ocr_par' dir='ltr' id='par_1_3' title="bbox 201 886 1159 2359">
     <span class='ocr_line' id='line_1_3' title="bbox 206 886 939 984; baseline -0.004 -24"><span class='ocrx_word' id='word_1_11' title='bbox 206 888 312 975; x_wconf 90' lang='lat' dir='ltr'>tioni,</span> <span class='ocrx_word' id='word_1_12' title='bbox 331 887 425 984; x_wconf 91' lang='lat' dir='ltr'>quin</span> <span class='ocrx_word' id='word_1_13' title='bbox 443 886 490 959; x_wconf 90' lang='lat' dir='ltr'>ab</span> <span class='ocrx_word' id='word_1_14' title='bbox 509 911 553 959; x_wconf 89' lang='lat' dir='ltr'>ea</span> <span class='ocrx_word' id='word_1_15' title='bbox 569 887 685 959; x_wconf 89' lang='lat' dir='ltr'>etiam</span> <span class='ocrx_word' id='word_1_16' title='bbox 702 887 939 984; x_wconf 85' lang='lat' dir='ltr'>reprimatur.</span> 
     </span>
     <span class='ocr_line' id='line_1_4' title="bbox 254 1058 1158 1157; baseline -0.007 -24"><span class='ocrx_word' id='word_1_17' title='bbox 254 1061 472 1157; x_wconf 91' lang='lat' dir='ltr'>“Princeps</span> <span class='ocrx_word' id='word_1_18' title='bbox 502 1085 579 1133; x_wconf 88' lang='lat' dir='ltr'>una</span> <span class='ocrx_word' id='word_1_19' title='bbox 603 1061 738 1134; x_wconf 89' lang='lat' dir='ltr'>animae</span> <span class='ocrx_word' id='word_1_20' title='bbox 763 1058 921 1132; x_wconf 87' lang='lat' dir='ltr'><strong>facultas</strong></span> <span class='ocrx_word' id='word_1_21' title='bbox 948 1065 1005 1129; x_wconf 89' lang='lat' dir='ltr'>est</span> <span class='ocrx_word' id='word_1_22' title='bbox 1032 1058 1072 1128; x_wconf 93' lang='lat' dir='ltr'>in</span> <span class='ocrx_word' id='word_1_23' title='bbox 1099 1080 1158 1128; x_wconf 91' lang='lat' dir='ltr'>ce·</span> 
     </span>
     <span class='ocr_line' id='line_1_5' title="bbox 203 1175 1158 1324; baseline -0.002 -24"><span class='ocrx_word' id='word_1_24' title='bbox 203 1230 323 1313; x_wconf 88' lang='lat' dir='ltr'>rebro‚</span> <span class='ocrx_word' id='word_1_25' title='bbox 340 1175 586 1303; x_wconf 65' lang='lat' dir='ltr'>¹ratiocinatio</span> <span class='ocrx_word' id='word_1_26' title='bbox 613 1231 839 1313; x_wconf 82' lang='lat' dir='ltr'>intellectus,</span> <span class='ocrx_word' id='word_1_27' title='bbox 874 1230 921 1301; x_wconf 87' lang='lat' dir='ltr'>ad</span> <span class='ocrx_word' id='word_1_28' title='bbox 949 1253 1065 1324; x_wconf 90' lang='lat' dir='ltr'>quam</span> <span class='ocrx_word' id='word_1_29' title='bbox 1093 1252 1158 1300; x_wconf 87' lang='lat' dir='ltr'>ve-</span> 
     </span>
     <span class='ocr_line' id='line_1_6' title="bbox 203 1397 1157 1495; baseline -0.001 -24"><span class='ocrx_word' id='word_1_30' title='bbox 203 1399 278 1473; x_wconf 89' lang='lat' dir='ltr'>luti</span> <span class='ocrx_word' id='word_1_31' title='bbox 313 1397 518 1483; x_wconf 89' lang='lat' dir='ltr'>difficilem,</span> <span class='ocrx_word' id='word_1_32' title='bbox 561 1399 602 1470; x_wconf 96' lang='lat' dir='ltr'>in</span> <span class='ocrx_word' id='word_1_33' title='bbox 645 1397 799 1471; x_wconf 86' lang='lat' dir='ltr'><strong>sublimi</strong></span> <span class='ocrx_word' id='word_1_34' title='bbox 843 1397 993 1495; x_wconf 88' lang='lat' dir='ltr'>specula</span> <span class='ocrx_word' id='word_1_35' title='bbox 1035 1399 1157 1482; x_wconf 88' lang='lat' dir='ltr'>sitam,</span> 
     </span>
     <span class='ocr_line' id='line_1_7' title="bbox 204 1518 1159 1669; baseline 0 -28"><span class='ocrx_word' id='word_1_36' title='bbox 204 1518 343 1669; x_wconf 86' lang='lat' dir='ltr'>magno</span> <span class='ocrx_word' id='word_1_37' title='bbox 359 1568 513 1668; x_wconf 85' lang='lat' dir='ltr'>ingenio</span> <span class='ocrx_word' id='word_1_38' title='bbox 531 1579 621 1642; x_wconf 90' lang='lat' dir='ltr'>sunt</span> <span class='ocrx_word' id='word_1_39' title='bbox 638 1569 741 1641; x_wconf 86' lang='lat' dir='ltr'>varia</span> <span class='ocrx_word' id='word_1_40' title='bbox 759 1593 897 1666; x_wconf 88' lang='lat' dir='ltr'>organa</span> <span class='ocrx_word' id='word_1_41' title='bbox 914 1568 1023 1642; x_wconf 89' lang='lat' dir='ltr'>facta.</span> <span class='ocrx_word' id='word_1_42' title='bbox 1067 1569 1159 1643; x_wconf 88' lang='lat' dir='ltr'>Alia</span> 
     </span>
     <span class='ocr_line' id='line_1_8' title="bbox 201 1739 1158 1838; baseline 0 -25"><span class='ocrx_word' id='word_1_43' title='bbox 201 1751 258 1814; x_wconf 91' lang='lat' dir='ltr'>est</span> <span class='ocrx_word' id='word_1_44' title='bbox 276 1741 318 1812; x_wconf 93' lang='lat' dir='ltr'>in</span> <span class='ocrx_word' id='word_1_45' title='bbox 336 1740 447 1813; x_wconf 88' lang='lat' dir='ltr'>oorde</span> <span class='ocrx_word' id='word_1_46' title='bbox 469 1739 630 1838; x_wconf 85' lang='lat' dir='ltr'>simplex</span> <span class='ocrx_word' id='word_1_47' title='bbox 657 1740 827 1826; x_wconf 81' lang='lat' dir='ltr'>facultas,</span> <span class='ocrx_word' id='word_1_48' title='bbox 856 1741 1076 1814; x_wconf 86' lang='lat' dir='ltr'>deliberatio</span> <span class='ocrx_word' id='word_1_49' title='bbox 1092 1766 1158 1813; x_wconf 89' lang='lat' dir='ltr'>vo-</span> 
     </span>
     <span class='ocr_line' id='line_1_9' title="bbox 202 1911 1156 2011; baseline 0.001 -27"><span class='ocrx_word' id='word_1_50' title='bbox 202 1912 370 1987; x_wconf 89' lang='lat' dir='ltr'>luntatis.</span> <span class='ocrx_word' id='word_1_51' title='bbox 419 1913 510 1986; x_wconf 89' lang='lat' dir='ltr'>Non</span> <span class='ocrx_word' id='word_1_52' title='bbox 526 1923 651 2011; x_wconf 88' lang='lat' dir='ltr'>potest</span> <span class='ocrx_word' id='word_1_53' title='bbox 670 1937 732 1985; x_wconf 89' lang='lat' dir='ltr'>cor</span> <span class='ocrx_word' id='word_1_54' title='bbox 749 1912 857 1999; x_wconf 89' lang='lat' dir='ltr'>velle,</span> <span class='ocrx_word' id='word_1_55' title='bbox 875 1913 947 1983; x_wconf 91' lang='lat' dir='ltr'>nisi</span> <span class='ocrx_word' id='word_1_56' title='bbox 964 1911 1156 2008; x_wconf 89' lang='lat' dir='ltr'>objectum</span> 
     </span>
     <span class='ocr_line' id='line_1_10' title="bbox 203 2083 1154 2182; baseline -0.005 -24"><span class='ocrx_word' id='word_1_57' title='bbox 203 2086 239 2158; x_wconf 92' lang='lat' dir='ltr'>ei</span> <span class='ocrx_word' id='word_1_58' title='bbox 267 2086 481 2160; x_wconf 89' lang='lat' dir='ltr'>intellectus</span> <span class='ocrx_word' id='word_1_59' title='bbox 509 2086 709 2171; x_wconf 90' lang='lat' dir='ltr'>ministret,</span> <span class='ocrx_word' id='word_1_60' title='bbox 744 2085 835 2182; x_wconf 90' lang='lat' dir='ltr'>quia</span> <span class='ocrx_word' id='word_1_61' title='bbox 869 2083 1044 2157; x_wconf 91' lang='lat' dir='ltr'>voluntas</span> <span class='ocrx_word' id='word_1_62' title='bbox 1077 2106 1154 2154; x_wconf 93' lang='lat' dir='ltr'>non</span> 
     </span>
     <span class='ocr_line' id='line_1_11' title="bbox 202 2257 1156 2359; baseline -0.002 -30"><span class='ocrx_word' id='word_1_63' title='bbox 202 2257 325 2332; x_wconf 86' lang='lat' dir='ltr'>fertur</span> <span class='ocrx_word' id='word_1_64' title='bbox 350 2261 390 2332; x_wconf 92' lang='lat' dir='ltr'>in</span> <span class='ocrx_word' id='word_1_65' title='bbox 415 2261 669 2359; x_wconf 86' lang='lat' dir='ltr'>incognitum,</span> <span class='ocrx_word' id='word_1_66' title='bbox 691 2260 789 2331; x_wconf 91' lang='lat' dir='ltr'>sicut</span> <span class='ocrx_word' id='word_1_67' title='bbox 816 2268 854 2331; x_wconf 90' lang='lat' dir='ltr'>et</span> <span class='ocrx_word' id='word_1_68' title='bbox 881 2258 927 2329; x_wconf 90' lang='lat' dir='ltr'>de</span> <span class='ocrx_word' id='word_1_69' title='bbox 952 2257 1156 2355; x_wconf 85' lang='lat' dir='ltr'>incognitis</span> 
     </span>
    </p>
   </div>
   <div class='ocr_carea' id='block_1_4' title="bbox 201 2429 1155 2541">
    <p class='ocr_par' dir='ltr' id='par_1_4' title="bbox 201 2429 1155 2541">
     <span class='ocr_line' id='line_1_12' title="bbox 201 2429 1155 2541; baseline 0 -42"><span class='ocrx_word' id='word_1_70' title='bbox 201 2430 306 2501; x_wconf 87' lang='lat' dir='ltr'>nulla</span> <span class='ocrx_word' id='word_1_71' title='bbox 323 2442 384 2504; x_wconf 86' lang='lat' dir='ltr'>est</span> <span class='ocrx_word' id='word_1_72' title='bbox 396 2432 500 2505; x_wconf 76' lang='lat' dir='ltr'>fides,</span> <span class='ocrx_word' id='word_1_73' title='bbox 554 2434 722 2522; x_wconf 86' lang='lat' dir='ltr'>Imperat</span> <span class='ocrx_word' id='word_1_74' title='bbox 740 2455 803 2503; x_wconf 92' lang='lat' dir='ltr'>cor</span> <span class='ocrx_word' id='word_1_75' title='bbox 826 2429 1047 2510; x_wconf 87' lang='lat' dir='ltr'>intellectui,</span> <span class='ocrx_word' id='word_1_76' title='bbox 1065 2429 1155 2541; x_wconf 83' lang='lat' dir='ltr'>quia</span> 
     </span>
    </p>
   </div>
   <div class='ocr_carea' id='block_1_5' title="bbox 199 2594 1155 4062">
    <p class='ocr_par' dir='ltr' id='par_1_5' title="bbox 199 2594 1155 4062">
     <span class='ocr_line' id='line_1_13' title="bbox 200 2594 1153 2694; baseline -0.002 -24"><span class='ocrx_word' id='word_1_77' title='bbox 200 2597 263 2670; x_wconf 87' lang='lat' dir='ltr'>ad&#39;</span> <span class='ocrx_word' id='word_1_78' title='bbox 278 2598 399 2670; x_wconf 87' lang='lat' dir='ltr'>cordis</span> <span class='ocrx_word' id='word_1_79' title='bbox 424 2596 629 2694; x_wconf 92' lang='lat' dir='ltr'>imperinm</span> <span class='ocrx_word' id='word_1_80' title='bbox 655 2594 870 2667; x_wconf 89' lang='lat' dir='ltr'>intellectus</span> <span class='ocrx_word' id='word_1_81' title='bbox 897 2619 936 2666; x_wconf 88' lang='lat' dir='ltr'>se</span> <span class='ocrx_word' id='word_1_82' title='bbox 960 2597 1065 2690; x_wconf 91' lang='lat' dir='ltr'>operi</span> <span class='ocrx_word' id='word_1_83' title='bbox 1095 2621 1153 2668; x_wconf 90' lang='lat' dir='ltr'>ac-</span> 
     </span>
     <span class='ocr_line' id='line_1_14' title="bbox 202 2768 1154 2868; baseline 0 -26"><span class='ocrx_word' id='word_1_84' title='bbox 202 2770 334 2868; x_wconf 87' lang='lat' dir='ltr'>cingit,</span> <span class='ocrx_word' id='word_1_85' title='bbox 364 2778 403 2842; x_wconf 92' lang='lat' dir='ltr'>et</span> <span class='ocrx_word' id='word_1_86' title='bbox 428 2768 643 2842; x_wconf 89' lang='lat' dir='ltr'>intellectus</span> <span class='ocrx_word' id='word_1_87' title='bbox 663 2769 759 2841; x_wconf 83' lang='lat' dir='ltr'>ratio</span> <span class='ocrx_word' id='word_1_88' title='bbox 776 2768 1014 2842; x_wconf 86' lang='lat' dir='ltr'>voluntatem</span> <span class='ocrx_word' id='word_1_89' title='bbox 1033 2769 1154 2842; x_wconf 89' lang='lat' dir='ltr'>cordis</span> 
     </span>
     <span class='ocr_line' id='line_1_15' title="bbox 201 2941 1155 3040; baseline -0.001 -25"><span class='ocrx_word' id='word_1_90' title='bbox 201 2943 375 3016; x_wconf 87' lang='lat' dir='ltr'>refrenat.</span> <span class='ocrx_word' id='word_1_91' title='bbox 431 2941 653 3015; x_wconf 89' lang='lat' dir='ltr'>Intellectus</span> <span class='ocrx_word' id='word_1_92' title='bbox 681 2967 735 3028; x_wconf 90' lang='lat' dir='ltr'>ea,</span> <span class='ocrx_word' id='word_1_93' title='bbox 763 2967 851 3038; x_wconf 90' lang='lat' dir='ltr'>quae</span> <span class='ocrx_word' id='word_1_94' title='bbox 876 2951 978 3027; x_wconf 92' lang='lat' dir='ltr'>sunt,</span> <span class='ocrx_word' id='word_1_95' title='bbox 1002 2941 1064 3013; x_wconf 93' lang='lat' dir='ltr'>vel</span> <span class='ocrx_word' id='word_1_96' title='bbox 1091 2967 1155 3040; x_wconf 90' lang='lat' dir='ltr'>ap-</span> 
     </span>
     <span class='ocr_line' id='line_1_16' title="bbox 199 3112 1152 3212; baseline -0.004 -24"><span class='ocrx_word' id='word_1_97' title='bbox 199 3125 333 3212; x_wconf 88' lang='lat' dir='ltr'>parent</span> <span class='ocrx_word' id='word_1_98' title='bbox 362 3139 461 3199; x_wconf 90' lang='lat' dir='ltr'>vera,</span> <span class='ocrx_word' id='word_1_99' title='bbox 490 3113 753 3212; x_wconf 82' lang='lat' dir='ltr'>persequitur:</span> <span class='ocrx_word' id='word_1_100' title='bbox 780 3112 956 3185; x_wconf 90' lang='lat' dir='ltr'>voluntas</span> <span class='ocrx_word' id='word_1_101' title='bbox 983 3137 1073 3185; x_wconf 93' lang='lat' dir='ltr'>vero</span> <span class='ocrx_word' id='word_1_102' title='bbox 1099 3137 1152 3197; x_wconf 91' lang='lat' dir='ltr'>ea,</span> 
     </span>
     <span class='ocr_line' id='line_1_17' title="bbox 201 3285 1152 3384; baseline -0.001 -25"><span class='ocrx_word' id='word_1_103' title='bbox 201 3311 287 3384; x_wconf 88' lang='lat' dir='ltr'>quae</span> <span class='ocrx_word' id='word_1_104' title='bbox 326 3287 434 3359; x_wconf 90' lang='lat' dir='ltr'>bona.</span> <span class='ocrx_word' id='word_1_105' title='bbox 496 3286 685 3358; x_wconf 88' lang='lat' dir='ltr'>Voluntas</span> <span class='ocrx_word' id='word_1_106' title='bbox 732 3309 799 3382; x_wconf 87' lang='lat' dir='ltr'>per</span> <span class='ocrx_word' id='word_1_107' title='bbox 841 3285 1078 3358; x_wconf 84' lang='lat' dir='ltr'>intellectum</span> <span class='ocrx_word' id='word_1_108' title='bbox 1114 3296 1152 3358; x_wconf 91' lang='lat' dir='ltr'>et</span> 
     </span>
     <span class='ocr_line' id='line_1_18' title="bbox 200 3459 1151 3556; baseline -0.001 -23"><span class='ocrx_word' id='word_1_109' title='bbox 200 3484 352 3533; x_wconf 91' lang='lat' dir='ltr'>sensum</span> <span class='ocrx_word' id='word_1_110' title='bbox 383 3460 421 3532; x_wconf 94' lang='lat' dir='ltr'>in</span> <span class='ocrx_word' id='word_1_111' title='bbox 463 3484 528 3531; x_wconf 85' lang='lat' dir='ltr'>res</span> <span class='ocrx_word' id='word_1_112' title='bbox 557 3460 654 3556; x_wconf 90' lang='lat' dir='ltr'>ipsas</span> <span class='ocrx_word' id='word_1_113' title='bbox 692 3459 823 3530; x_wconf 88' lang='lat' dir='ltr'>eadem</span> <span class='ocrx_word' id='word_1_114' title='bbox 849 3459 911 3529; x_wconf 88' lang='lat' dir='ltr'>via</span> <span class='ocrx_word' id='word_1_115' title='bbox 941 3468 1151 3532; x_wconf 85' lang='lat' dir='ltr'>extrorsum</span> 
     </span>
     <span class='ocr_line' id='line_1_19' title="bbox 200 3629 1150 3727; baseline -0.001 -24"><span class='ocrx_word' id='word_1_116' title='bbox 200 3630 336 3717; x_wconf 91' lang='lat' dir='ltr'>tendit,</span> <span class='ocrx_word' id='word_1_117' title='bbox 365 3654 521 3727; x_wconf 89' lang='lat' dir='ltr'>quares</span> <span class='ocrx_word' id='word_1_118' title='bbox 547 3631 620 3700; x_wconf 86' lang='lat' dir='ltr'>illae</span> <span class='ocrx_word' id='word_1_119' title='bbox 645 3656 712 3724; x_wconf 91' lang='lat' dir='ltr'>per</span> <span class='ocrx_word' id='word_1_120' title='bbox 740 3653 891 3700; x_wconf 86' lang='lat' dir='ltr'>sensum</span> <span class='ocrx_word' id='word_1_121' title='bbox 920 3637 958 3700; x_wconf 90' lang='lat' dir='ltr'>et</span> <span class='ocrx_word' id='word_1_122' title='bbox 982 3629 1150 3702; x_wconf 84' lang='lat' dir='ltr'>intellec-</span> 
     </span>
     <span class='ocr_line' id='line_1_20' title="bbox 200 3801 1151 3886; baseline -0.002 -11"><span class='ocrx_word' id='word_1_123' title='bbox 200 3812 284 3877; x_wconf 93' lang='lat' dir='ltr'>tum</span> <span class='ocrx_word' id='word_1_124' title='bbox 304 3802 351 3875; x_wconf 91' lang='lat' dir='ltr'>ad</span> <span class='ocrx_word' id='word_1_125' title='bbox 369 3826 407 3875; x_wconf 91' lang='lat' dir='ltr'>se</span> <span class='ocrx_word' id='word_1_126' title='bbox 424 3801 630 3876; x_wconf 88' lang='lat' dir='ltr'>introrsum</span> <span class='ocrx_word' id='word_1_127' title='bbox 648 3811 846 3874; x_wconf 88' lang='lat' dir='ltr'>venerunt.</span> <span class='ocrx_word' id='word_1_128' title='bbox 903 3801 991 3886; x_wconf 87' lang='lat' dir='ltr'>Qua</span> <span class='ocrx_word' id='word_1_129' title='bbox 1008 3802 1151 3873; x_wconf 89' lang='lat' dir='ltr'>ratione</span> 
     </span>
     <span class='ocr_line' id='line_1_21' title="bbox 200 3974 1151 4062; baseline -0.003 -11"><span class='ocrx_word' id='word_1_130' title='bbox 200 3977 420 4051; x_wconf 85' lang='lat' dir='ltr'>dicitur&#39;vis</span> <span class='ocrx_word' id='word_1_131' title='bbox 445 3975 509 4049; x_wconf 87' lang='lat' dir='ltr'>illa</span> <span class='ocrx_word' id='word_1_132' title='bbox 533 3976 697 4062; x_wconf 91' lang='lat' dir='ltr'>volendi,</span> <span class='ocrx_word' id='word_1_133' title='bbox 718 3986 762 4050; x_wconf 78' lang='lat' dir='ltr'>&#39;et</span> <span class='ocrx_word' id='word_1_134' title='bbox 785 3978 824 4048; x_wconf 92' lang='lat' dir='ltr'>in</span> <span class='ocrx_word' id='word_1_135' title='bbox 849 3974 1043 4048; x_wconf 90' lang='lat' dir='ltr'>intellectu</span> <span class='ocrx_word' id='word_1_136' title='bbox 1063 4000 1151 4061; x_wconf 90' lang='lat' dir='ltr'>esse,</span> 
     </span>
    </p>
   </div>
   <div class='ocr_carea' id='block_1_6' title="bbox 132 4130 1151 4248">
    <p class='ocr_par' dir='ltr' id='par_1_6' title="bbox 132 4130 1151 4248">
     <span class='ocr_line' id='line_1_22' title="bbox 132 4130 1151 4248; baseline -0.005 -24"><span class='ocrx_word' id='word_1_137' title='bbox 132 4130 139 4144; x_wconf 55' lang='grc'><strong>’</strong></span> <span class='ocrx_word' id='word_1_138' title='bbox 202 4159 241 4224; x_wconf 88' lang='lat' dir='ltr'>et</span> <span class='ocrx_word' id='word_1_139' title='bbox 263 4151 304 4223; x_wconf 90' lang='lat' dir='ltr'>in</span> <span class='ocrx_word' id='word_1_140' title='bbox 325 4150 443 4224; x_wconf 92' lang='lat' dir='ltr'>libero</span> <span class='ocrx_word' id='word_1_141' title='bbox 463 4151 545 4247; x_wconf 92' lang='lat' dir='ltr'>ipso</span> <span class='ocrx_word' id='word_1_142' title='bbox 562 4149 800 4248; x_wconf 87' lang='lat' dir='ltr'>singulorum</span> <span class='ocrx_word' id='word_1_143' title='bbox 822 4172 1002 4222; x_wconf 91' lang='lat' dir='ltr'>sensuum</span> <span class='ocrx_word' id='word_1_144' title='bbox 1019 4156 1151 4220; x_wconf 87' lang='lat' dir='ltr'>motu:</span> 
     </span>
    </p>
   </div>
   <div class='ocr_carea' id='block_1_7' title="bbox 0 0 1366 4718">
    <p class='ocr_par' dir='ltr' id='par_1_7' title="bbox 0 0 1366 4718">
     <span class='ocr_line' id='line_1_23' title="bbox 0 0 1366 4718; baseline 0 1"><span class='ocrx_word' id='word_1_145' title='bbox 0 0 1366 4718; x_wconf 95' lang='lat' dir='ltr'> </span> 
     </span>
    </p>
   </div>
  </div>
 </body>
</html>
