2724 4718
218 489 262 559 80
529 486 860 554 DISSERTATJO.

208 697 372 773 actione.
424 697 543 772 Lucis
571 697 715 786 ratione
740 693 948 770 substantia
976 691 1059 770 hac
1084 701 1165 766 tota

213 874 255 947 in
271 872 435 946 animam
451 873 544 972 agit,
566 896 657 947 oum
678 871 796 945 totius
816 869 941 944 ideam
960 868 1003 940 in
1015 889 1065 939 ea
1085 866 1159 941 im·

212 1046 357 1142 primit
409 1045 644 1121 Substantias
672 1046 770 1144 ipsas
799 1009 902 1118 nunc
927 1040 1061 1115 vident
1093 1037 1162 1112 So·

212 1219 359 1317 phistae,
381 1220 451 1314 qui
471 1229 583 1289 antea
608 1217 804 1300 dooebant,
827 1213 923 1291 nihii
938 1211 1068 1296 videri,
1088 1231 1162 1285 nec

209 1387 253 1463 in
273 1385 374 1472 Deo,
398 1408 469 1458 nee
492 1384 533 1457 in
557 1383 678 1467 nobis,
706 1383 778 1457 nisi
803 1381 1003 1478 qualitates
1026 1389 1065 1454 et
1094 1379 1161 1454 fn-

208 1568 308 1632 oatas
340 1555 471 1631 larvas.
532 1555 592 1667 At
625 1578 693 1634 nos
725 1554 767 1626 in
798 1552 955 1631 Chtisto.
984 1551 1159 1629 videntes

207 1727 491 1812 substantialem
518 1726 654 1812 luoem,
687 1725 729 1798 in
763 1724 844 1799 aliis
873 1748 1029 1823 quoque
1054 1749 1156 1806 veroe

205 1897 301 1977 lucis
317 1900 503 1973 visionem
520 1897 795 1997 pinsequimur.
933 1909 937 1915 “
966 1910 970 1917 ·

255 2254 277 2286 “
294 2243 363 2318 Ab
387 2243 564 2317 omnibus
588 2241 775 2341 predictis
794 2243 835 2315 in
860 2241 986 2317 medio
1010 2244 1155 2317 ventrt

202 2412 289 2488 culo
304 2412 511 2496 illustratis,
528 2412 576 2484 ad
592 2421 773 2506 quartum
790 2413 831 2483 in
847 2411 1155 2508 parenoephalide

200 2554 1155 2682 ventriculum,permittentejnnitore,spiritnsipse

201 2757 337 2842 tendit,
360 2763 400 2830 et
420 2752 609 2828 luminosa
631 2751 792 2829 oonflota
816 2754 954 2853 imago,
975 2755 1017 2830 in
1032 2755 1152 2856 ipsius

200 2928 336 3005 animae
359 2925 507 3003 lumine
532 2927 612 3001 sita
666 2925 728 3001 Ibi
749 2950 840 3001 vero
860 2926 969 3003 velut
988 2930 1030 3004 in
1052 2953 1153 3006 oene-

198 3100 258 3177 bri
278 3099 412 3186 fundo,
434 3121 522 3172 vasa
548 3096 613 3171 illa
640 3122 755 3178 suum
784 3099 977 3176 nemone
1002 3100 1154 3176 thesau-

198 3295 287 3347 rum
308 3269 489 3346 tenaciter
510 3268 722 3357 observant,
745 3280 890 3368 etque
913 3280 1006 3346 sunt
1025 3292 1152 3359 aman,

200 3451 240 3517 et
256 3441 540 3517 ratiocinatione
557 3442 723 3529 inventa,
735 3442 967 3518 senondunte
991 3465 1069 3516 non
1085 3468 1153 3540 pa·

199 3612 358 3689 rietibus
375 3608 499 3697 affixa
525 3610 592 3684 sed
616 3612 657 3685 in
681 3612 763 3710 ipsa
778 3613 915 3690 animoe
931 3613 1153 3703 substantia,

199 3783 309 3860 velut
331 3783 374 3857 in
397 3781 554 3857 materia
568 3781 748 3877 quadam..
798 3782 930 3860 Habet
951 3784 1007 3859 ibi
1026 3785 1154 3861 anima

200 3956 339 4028 retenti
368 3953 523 4051 spiritns
548 3950 705 4025 fortiora
727 3976 825 4040 vasa,
854 3977 904 4028 ne
933 3964 1013 4031 tam
1042 3952 1155 4030 facile
