2724 4718
194 512 239 573 52
504 508 838 574 DISSERTATIO.

198 716 423 812 sanguinem
462 714 647 812 pabulum
682 715 843 788 habens:
881 726 921 786 et
960 714 1010 786 ab
1043 723 1159 787 aereo

197 887 334 983 spiritu
357 887 602 983 inspiratione
630 897 670 960 et
695 889 948 985 exspiratione
970 885 1157 966 difflatur,

199 1058 367 1143 fovetur,
393 1068 433 1131 et
449 1061 631 1144 nutritur,
653 1071 700 1133 ut
716 1061 766 1133 sit
783 1061 818 1131 ei
835 1059 979 1156 duplex
997 1058 1158 1130 alimen-

202 1242 288 1302 tum
306 1232 502 1328 spirituale
517 1243 558 1302 et
574 1231 773 1327 corporale.
817 1230 906 1302 Hae
923 1229 997 1302 loci
1018 1239 1058 1303 et
1074 1231 1154 1326 spi-

199 1402 348 1477 ritualis
356 1403 520 1476 fomenti
536 1404 683 1475 ratione
699 1403 927 1475 conveniens
943 1401 1154 1475 admodum

201 1573 293 1658 fuit,
311 1574 475 1646 eundem
504 1573 623 1645 nostri
650 1573 804 1670 spiritus
821 1571 995 1646 lucidum
1018 1584 1157 1648 namra

201 1747 331 1820 locum
364 1747 500 1843 spiritu
542 1744 616 1818 alio
658 1756 798 1831 saneto,
830 1745 980 1831 oaelesti,
1012 1745 1156 1834 lucido,

203 1925 333 2010 afflari,
350 1926 480 2024 idque,
506 1950 574 2023 per
598 1927 673 1998 oris
690 1925 833 1998 Christi
849 1927 1157 2023 exspirationem,

203 2097 301 2170 sicut
324 2097 475 2170 anobis
497 2099 744 2195 inspiratione
769 2101 810 2171 in
833 2100 999 2173 eundem
1025 2100 1156 2177 locum
1194 2070 1197 2077 Ι

204 2269 370 2343 trahitur
392 2272 557 2368 spiritus.
610 2271 757 2345 Decuit
773 2275 939 2346 eundem
955 2275 1076 2348 nostri
1096 2277 1156 2348 in·

204 2440 377 2511 tellectus
412 2452 452 2512 et
484 2443 646 2513 lucentis
679 2445 817 2516 animae
849 2445 987 2532 locum,
1014 2446 1157 2522 oaelesti

204 2612 358 2686 alterius
385 2614 485 2710 ignis
512 2613 598 2688 luoe
627 2615 754 2689 denuo
781 2616 997 2693 illuminari·
1052 2619 1156 2694 Nam

207 2785 319 2858 Deus
335 2785 498 2881 primam
526 2786 567 2857 in
596 2786 705 2859 nobis
733 2787 926 2862 luoernam
953 2790 1158 2878 illuminat,

206 2968 246 3032 et
276 2957 448 3032 subortas
473 2957 527 3030 ibi
552 2960 725 3033 tenebras
741 2961 869 3036 denuo
885 2965 1003 3039 vertit
1028 2966 1067 3038 in
1096 2965 1158 3040 lu·

206 3152 301 3213 oem,
327 3140 375 3200 ut
394 3130 447 3201 ait
471 3129 604 3201 David
627 3131 758 3227 psalm.
779 3141 837 3212 17.
863 3145 902 3207 et
931 3137 1072 3211 fisum.
1096 3149 1157 3213 22.

210 3301 386 3399 Idipsum
416 3301 527 3374 dooet
549 3301 669 3375 Elihu
703 3304 808 3400 apud
834 3307 912 3379 Job
932 3332 1012 3406 αφ.
1035 3319 1096 3384 32.
1118 3322 1160 3385 et

209 3480 268 3545 33.
321 3471 494 3570 ldipsum
520 3473 732 3547 docuerunt
750 3477 961 3566 Zoroaster,
992 3481 1159 3555 Trisme-

207 3643 330 3743 gistus
347 3656 386 3717 et
403 3643 651 3743 Pythagoras,
675 3657 720 3720 ut
744 3673 835 3722 mox
853 3653 986 3728 citabo.
1038 3655 1159 3729 Vaso·

208 3841 295 3890 rum
316 3841 473 3913 quoque
497 3817 675 3892 formatio
704 3834 744 3894 et
769 3828 969 3922 temperies
991 3828 1161 3906 bonoad

210 3988 349 4059 mentis
366 3988 575 4065 bonitatem
593 3988 696 4079 facit,
721 4006 765 4068 ut
783 3994 856 4070 illis
873 4002 923 4073 sit
939 4003 1065 4076 anima
1080 4029 1161 4080 me-
