2724 4718
205 493 249 560 64
514 491 847 557 DISSERTATIO.

255 701 389 775 M1cm
442 701 488 774 ln
508 701 641 798 lingua
667 708 793 772 sancta
813 722 892 772 non
915 698 1060 774 dicitur
1077 701 1158 774 ani-

204 897 277 958 ma,
298 872 372 944 nisi
396 871 465 946 ubi
488 881 545 946 θεῖ
568 871 773 968 respiratio.
825 871 918 944 Ideo
943 872 984 943 in
1014 871 1159 969 plantis

203 1069 281 1119 non
315 1045 478 1119 dicimus
511 1047 677 1119 animam
706 1043 882 1141 aliquam.
938 1043 1089 1121 Nutrix
1116 1053 1158 1119 et

203 1217 352 1289 auctrix
378 1216 537 1289 facultas
564 1218 613 1287 sit
642 1218 814 1311 spedfica
840 1217 1004 1312 quadam
1030 1217 1073 1291 vi
1100 1218 1157 1290 in·

202 1340 284 1461 nui
299 1382 440 1472 aroris,
466 1376 555 1458 tum
578 1385 691 1458 insita
707 1385 802 1458 iaeae
819 1384 1030 1459 uantum,
1087 1386 1155 1484 rg-

202 1559 261 1631 nis
287 1558 342 1630 ita
374 1555 454 1629 fere
487 1557 654 1654 seipsum
683 1566 810 1656 auget,
838 1557 1064 1632 attrahendo
1089 1556 1157 1632 ali·

202 1738 390 1804 mentum.
441 1729 535 1801 Vita
563 1729 604 1801 in
631 1728 770 1827 plantis
796 1728 947 1816 dicitur,
969 1752 1047 1802 non
1075 1730 1159 1803 vita

202 1902 352 1988 animae,
374 1901 441 1975 sed
456 1902 548 1975 vitae
564 1900 731 1975 formalis
754 1900 855 1976 illius
879 1897 1022 1986 mloris,
1047 1909 1095 1974 ut
1115 1902 1156 1973 in

200 2073 354 2147 lucerna
370 2072 533 2146 dicimus
549 2074 679 2171 ignem
697 2073 838 2159 vivere,
855 2095 921 2147 seu
939 2073 1157 2148 extinctum

201 2265 290 2317 esse.
341 2242 450 2331 Quin
475 2260 515 2317 et
538 2242 683 2341 lapides
710 2251 750 2316 et
771 2242 844 2316 alia
875 2243 916 2316 in
941 2267 982 2316 re
1009 2244 1158 2319 medion

200 2415 398 2485 matricem
415 2415 498 2488 vim
513 2413 692 2487 habentia
716 2413 907 2487 affirmant
923 2413 1049 2509 aliqui,
1076 2439 1156 2489 non

171 2531 176 2536 ι
200 2583 323 2658 solum
340 2582 481 2668 vivere,
508 2581 575 2655 sed
599 2589 638 2655 et
664 2592 911 2672 senectutem,
938 2585 1089 2660 morbos
1115 2597 1156 2662 et

199 2764 363 2830 mortem
380 2754 481 2850 pati:
509 2753 615 2851 quod
632 2763 672 2828 et
688 2755 780 2827 vino
796 2755 963 2831 accidere
980 2759 1155 2856 quotidie

199 2925 427 3024 experimur.

249 3099 352 3173 Psr.
405 3096 496 3170 Non
514 3106 571 3171 θεῖ
593 3122 683 3197 ergo
706 3098 837 3178 similis
854 3099 962 3174 nobis
979 3100 1156 3198 embryo·

198 3270 256 3344 nis
273 3270 399 3343 anima
414 3277 482 3342 aut
498 3269 588 3357 vita,
606 3293 683 3367 qua
699 3269 837 3368 plantis
853 3271 1111 3348 assimilatur?

251 3443 383 3518 M1cu.
436 3443 526 3518 Non
556 3444 713 3518 omnino
744 3467 832 3519 cum
858 3468 936 3519 non
965 3446 1078 3521 sitin
1105 3471 1154 3519 eo

198 3616 324 3689 anima
348 3613 508 3713 propria.
560 3614 735 3712 Embryo
760 3616 901 3691 dicitur
925 3615 1054 3689 vivere
1070 3616 1153 3693 vita

196 3789 413 3888 vegetativa
437 3796 641 3888 antequam
659 3788 769 3864 Deus
792 3789 957 3864 animam
979 3789 1150 3888 impiret.

198 3960 273 4034 Sed
289 3959 361 4034 alia
378 3971 473 4038 tunc
489 3971 547 4037 est
562 3961 733 4039 radicum
750 3964 891 4040 arboris
912 3965 1020 4041 ratio.
1047 3962 1152 4041 Nam
